@BOOK{NielChuan,
	AUTHOR = {Nielsen, Michael A. AND Chuang, Isaac L.},
	YEAR = {2010},
	TITLE = {Quantum Computation and Quantum Information - 10th Anniversary Edition},
	EDITION = {},
	ISBN = {978-1-139-49548-6},
	PUBLISHER = {Cambridge University Press},
	ADDRESS = {Cambridge},
}

@BOOK{Schlosshauer,
	AUTHOR = {Schlosshauer, Maximilian A.},
	YEAR = {2007},
	TITLE = {Decoherence - And the Quantum-To-Classical Transition},
	EDITION = {1st ed. 2007. Corr. 2nd printing 2008},
	ISBN = {978-3-540-35773-5},
	PUBLISHER = {Springer Science and Business Media},
	ADDRESS = {Berlin Heidelberg},
}


@ARTICLE{ModTools,
   author = {Paris, M. G. A.},
    title = {The modern tools of quantum mechanics. A tutorial on quantum states, measurements, and operations},
  journal = {European Physical Journal Special Topics},
archivePrefix = {arXiv},
   eprint = {1110.6815},
 primaryClass = {quant-ph},
     year = {2012},
    month = {Apr},
   volume = {203},
    pages = {61--86},
      doi = {10.1140/epjst/e2012-01535-1},
   adsurl = {http://adsabs.harvard.edu/abs/2012EPJST.203...61P},
  adsnote = {Provided by the SAO/NASA Astrophysics Data System}
}


@misc{QCLecture,
  title = {{Attal, S.:} Quantum Channels},
  howpublished = {\url{http://math.univ-lyon1.fr/~attal/Quantum_Channels.pdf}},
  note = {zuletzt aufgerufen: 2016-06-28}
}



@BOOK{Sakurai2011,
	AUTHOR = {Sakurai, J. J. AND Napolitano, Jim J.},
	YEAR = {2011},
	TITLE = {Modern Quantum Mechanics - },
	EDITION = {00002. Aufl.},
	ISBN = {978-0-805-38291-4},
	PUBLISHER = {Addison-Wesley},
	ADDRESS = {Amsterdam},
}


@inproceedings{lenzen2010brief,
  title={Brief announcement: Exponential speed-up of local algorithms using non-local communication},
  author={Lenzen, Christoph and Wattenhofer, Roger},
  booktitle={Proceedings of the 29th ACM SIGACT-SIGOPS symposium on Principles of distributed computing},
  pages={295--296},
  year={2010},
  organization={ACM}
}
@inproceedings{jozsa2003role,
  title={On the role of entanglement in quantum-computational speed-up},
  author={Jozsa, Richard and Linden, Noah},
  booktitle={Proceedings of the Royal Society of London A: Mathematical, Physical and Engineering Sciences},
  volume={459},
  number={2036},
  pages={2011--2032},
  year={2003},
  organization={The Royal Society}
}
@article{ekert1998quantum,
  title={Quantum algorithms: entanglement-enhanced information processing},
  author={Ekert, Artur and Jozsa, Richard},
  journal={Philosophical Transactions - Royal Society of London Series A - Mathematical, Physical and Engineering Sciences},
  pages={1769--1781},
  year={1998}
}

@article{laurent2015conic,
  title={Conic approach to quantum graph parameters using linear optimization over the completely positive semidefinite cone},
  author={Laurent, Monique and Piovesan, Teresa},
  journal={SIAM Journal on Optimization},
  volume={25},
  number={4},
  pages={2461--2493},
  year={2015},
  publisher={SIAM}
}

@article{roberson2013variations,
  title={Variations on a theme: Graph homomorphisms},
  author={Roberson, David E},
  year={2013},
  publisher={University of Waterloo}
}

@article{piovesan,
  title={Quantum entanglement: Insights via graph parameters and conic optimization},
  author={Piovesan, T.},
  year={2016},
  publisher={University of Amsterdam}
}


@article{ji2013binary,
  title={Binary constraint system games and locally commutative reductions},
  author={Ji, Zhengfeng},
  journal={arXiv preprint arXiv:1310.3794},
  year={2013}
}

@inproceedings{doherty2008quantum,
  title={The quantum moment problem and bounds on entangled multi-prover games},
  author={Doherty, Andrew C and Liang, Yeong-Cherng and Toner, Ben and Wehner, Stephanie},
  booktitle={Computational Complexity, 2008. CCC'08. 23rd Annual IEEE Conference on},
  pages={199--210},
  year={2008},
  organization={IEEE}
}
@article{lovasz1979shannon,
  title={On the Shannon capacity of a graph},
  author={Lov{\'a}sz, L{\'a}szl{\'o}},
  journal={IEEE Transactions on Information theory},
  volume={25},
  number={1},
  pages={1--7},
  year={1979},
  publisher={IEEE}
}
@inproceedings{szegedy1994note,
  title={A note on the/spl theta/number of Lovasz and the generalized Delsarte bound},
  author={Szegedy, Mario},
  booktitle={Foundations of Computer Science, 1994 Proceedings., 35th Annual Symposium on},
  pages={36--39},
  year={1994},
  organization={IEEE}
}
@article{klep2008connes,
  title={Connes' embedding conjecture and sums of hermitian squares},
  author={Klep, Igor and Schweighofer, Markus},
  journal={Advances in Mathematics},
  volume={217},
  number={4},
  pages={1816--1837},
  year={2008},
  publisher={Elsevier}
}
